@ELECTRONIC{primera,
  author = {{Yanneth Gutiérrez Sánchez}},
  year = {14 de Abril de 2013},
  title = {https://sites.google.com/site/sisoper1/home/gestion-de-memoria#:~:text=La%20parte%20del%20sistema%20operativo,necesiten%20y%20liber%C3%A1ndola%20cuando%20terminen}
}
 
@ELECTRONIC{segunda,
	author = {{Ricardo Trejo Ramírez}},
	year = {7 de Noviembre de 2002},
	title = {https://www.monografias.com/trabajos10/gesmem/gesmem.shtml}
}

@ELECTRONIC{tercera,
	author = {{Isidro Rios}},
	year = {4 de Noviembre de 2018},
	title = {\texttt{https://www.muycomputer.com/2018/11/04/memoria-ram-que-es-recomendaciones/r}}
}
@ELECTRONIC{cuarta,
	author = {{Rubén Velasco}},
	year = {11 de agosto de 2020},
	title = {\texttt{https://hardzone.es/reportajes/comparativas/latencia-velocidad-ram-jugar/}}
}

@ELECTRONIC{quinta,
	author = {{Maria Jose Gallegos Salgado}},
	year = {10 de marzo de 2017},
	title = {\texttt{https://es.slideshare.net/MaryJoseSg/memoria-de-una-computadora}}
}

@ELECTRONIC{sexta,
	author = {{María Estela Raffino}},
	year = {30 de junio de 2020},
	title = {\texttt{https://concepto.de/memoria-cache/#ixzz6XCWM3kiX}}
}

@ELECTRONIC{septima,
	author = {{Universidad de Marte}},
	year = {22 de {A}gosto de 2013},
	title = {\texttt{www.marte.mar}}
}

@ELECTRONIC{octava,
	author = {{Uruguay OC}},
	year = {18 marzo de 2018},
	title = {\texttt{https://uruguayoc.com/2018/03/18/que-es-el-cache-l1-l2-y-l3-en-los-procesadores/}}
}

@ELECTRONIC{novena,
	author = {{YÚBAL FM}},
	year = {1 de Octubre de 	2018},
	title = {\texttt{https://www.xataka.com/basics/hdd-vs-ssd}}
}
